
@misc{cyclopts,
  author = {Matthew Gidden},
  title = {{Cyclopts}},
  month = dec,
  year = {2014},
  url = {http://mattgidden.com/cyclopts/},
  howpublished = {\url{http://mattgidden.com/cyclopts/}}
}

@article{rineiski2011reactivity,
  title={Reactivity Coefficients in BN-600 Core with Minor Actinides},
  author={Rineiski, Andrei and Ishikawa, Makoto and Jang, Jinwook and Mohanakrishnan, Prabhakaran and Newton, Tim and Rimpault, Gerald and Stanculescu, Alexander and Stogov, Victor},
  journal={Journal of nuclear science and technology},
  volume={48},
  number={4},
  pages={635--645},
  year={2011},
  publisher={Taylor \& Francis}
}

@article{coinclp,
  author = {John Forrest and others},
  title = {{COIN-OR Linear Programing (CLP) Solver}},
  month = dec,
  year = {2014},
  url = {https://projects.coin-or.org/Clp},
  howpublished = {\url{https://projects.coin-or.org/Clp}},
}

@article{coincbc,
  author = {John Forrest and others},
  title = {{COIN-OR Branch and Cut (CBC) Solver}},
  month = dec,
  year = {2014},
  url = {https://projects.coin-or.org/Cbc},
  howpublished = {\url{https://projects.coin-or.org/Cbc}}
}

@inproceedings{gidden_agent-based_2014,
	address = {Kyoto, Japan},
	title = {Agent-Based Dynamic Resource Exchange in {C}yclus},
	booktitle = {Proceedings of {PHYSOR}},
	author = {Gidden, Matthew and Carlsen, Robert and Opotowsky, Arrielle
and Rakhimov, Olzhas and Scopatz, Anthony and Wilson, Paul},
	month = {Sep},
	year = {2014},
	keywords = {submitted}
},

@inproceedings{gidden_agent-based_2013,
	address = {Salt Lake City, {UT}, United States},
	title = {An Agent-Based Framework for Fuel Cycle Simulation with Recycling},
	booktitle = {Proceedings of {GLOBAL}},
	author = {Gidden, Matthew and Wilson, Paul},
	month = sep,
	year = {2013},
	file = {abstract.pdf:/filespace/people/g/gidden/.zotero/zotero/r4cvjg0j.default/zotero/storage/K5HAE4UP/abstract.pdf:application/pdf;paper.pdf:/filespace/people/g/gidden/.zotero/zotero/r4cvjg0j.default/zotero/storage/UP53JEMP/paper.pdf:application/pdf}
}

@article{cyclus2014,
author = " Robert W. Carlsen and Matthew Gidden and Kathryn Huff and  Arrielle C. Opotowsky and Olzhas Rakhimov and  Anthony M. Scopatz and Zach Welch and Paul Wilson",
title = "{Cyclus v1.0.0}",
year = "2014",
month = "06",
url = "http://dx.doi.org/10.6084/m9.figshare.1041745"
}

